@article{ParticlePhysicsProjectPrioritizationPanel(P5):2014pwa,
      author         = "Ritz, Steve and others",
      title          = "{Building for Discovery: Strategic Plan for U.S. Particle
                        Physics in the Global Context}",
      collaboration  = "HEPAP Subcommittee",
      year           = "2014",
      SLACcitation   = "%%CITATION = INSPIRE-1299183;%%"
}

@article{1063-7869-57-5-503,
  author={D S Gorbunov},
  title={Sterile neutrinos and their role in particle physics and cosmology},
  journal={Physics-Uspekhi},
  volume={57},
  number={5},
  pages={503},
  url={http://stacks.iop.org/1063-7869/57/i=5/a=503},
  year={2014},
}


@article{Acciarri:2016sli,
      author         = "Acciarri, R. and others",
      title          = "{First Observation of Low Energy Electron Neutrinos in a
                        Liquid Argon Time Projection Chamber}",
      collaboration  = "ArgoNeuT",
      journal        = "Phys. Rev.",
      volume         = "D95",
      year           = "2017",
      number         = "7",
      pages          = "072005",
      doi            = "10.1103/PhysRevD.95.072005",
      note           = "[Phys. Rev.D95,072005(2017)]",
      eprint         = "1610.04102",
      archivePrefix  = "arXiv",
      primaryClass   = "hep-ex",
      reportNumber   = "FERMILAB-PUB-16-466-ND",
      SLACcitation   = "%%CITATION = ARXIV:1610.04102;%%"
}

@article{Aguilar:2001ty,
      author         = "Aguilar-Arevalo, A. and others",
      title          = "{Evidence for neutrino oscillations from the observation
                        of anti-neutrino(electron) appearance in a
                        anti-neutrino(muon) beam}",
      collaboration  = "LSND",
      journal        = "Phys. Rev.",
      volume         = "D64",
      year           = "2001",
      pages          = "112007",
      doi            = "10.1103/PhysRevD.64.112007",
      eprint         = "hep-ex/0104049",
      archivePrefix  = "arXiv",
      primaryClass   = "hep-ex",
      SLACcitation   = "%%CITATION = HEP-EX/0104049;%%"
}

@article{Athanassopoulos:1997pv,
      author         = "Athanassopoulos, C. and others",
      title          = "{Evidence for nu(mu) $\rightarrow$ nu(e) neutrino oscillations
                        from LSND}",
      collaboration  = "LSND",
      journal        = "Phys. Rev. Lett.",
      volume         = "81",
      year           = "1998",
      pages          = "1774-1777",
      doi            = "10.1103/PhysRevLett.81.1774",
      eprint         = "nucl-ex/9709006",
      archivePrefix  = "arXiv",
      primaryClass   = "nucl-ex",
      reportNumber   = "UCRHEP-E-197",
      SLACcitation   = "%%CITATION = NUCL-EX/9709006;%%"
}

@article{Aguilar-Arevalo:2013pmq,
      author         = "Aguilar-Arevalo, A. A. and others",
      title          = "{Improved Search for $\bar \nu_\mu \rightarrow \bar
                        \nu_e$ Oscillations in the MiniBooNE Experiment}",
      collaboration  = "MiniBooNE",
      journal        = "Phys. Rev. Lett.",
      volume         = "110",
      year           = "2013",
      pages          = "161801",
      doi            = "10.1103/PhysRevLett.110.161801",
      eprint         = "1303.2588",
      archivePrefix  = "arXiv",
      primaryClass   = "hep-ex",
      reportNumber   = "LA-UR-13-21523, FERMILAB-PUB-13-066-AD-E-PPD",
      SLACcitation   = "%%CITATION = ARXIV:1303.2588;%%"
}

@article{Antonello:2015lea,
      author         = "Antonello, M. and others",
      title          = "{A Proposal for a Three Detector Short-Baseline Neutrino
                        Oscillation Program in the Fermilab Booster Neutrino
                        Beam}",
      collaboration  = "LAr1-ND, ICARUS-WA104, MicroBooNE",
      year           = "2015",
      eprint         = "1503.01520",
      archivePrefix  = "arXiv",
      primaryClass   = "physics.ins-det",
      SLACcitation   = "%%CITATION = ARXIV:1503.01520;%%"
}

@article{uBooNE:cosmic,
      author         = "MicroBooNE Collaboration",
      title          = "{Cosmic Shielding Studies at MicroBooNE}",
      collaboration  = "",
      year           = "May 2016",
      url = {http://www-microboone.fnal.gov/publications/publicnotes/MICROBOONE-NOTE-1005-PUB.pdf}
}


@article{Auger:2016tjc,
      author         = "Auger, M. and others",
      title          = "{A Novel Cosmic Ray Tagger System for Liquid Argon TPC
                        Neutrino Detectors}",
      journal        = "Instruments",
      volume         = "1",
      year           = "2017",
      number         = "1",
      pages          = "2",
      doi            = "10.3390/instruments1010002",
      eprint         = "1612.04614",
      archivePrefix  = "arXiv",
      primaryClass   = "physics.ins-det",
      reportNumber   = "FERMILAB-PUB-16-663-CD",
      SLACcitation   = "%%CITATION = ARXIV:1612.04614;%%"
}

@article{Acciarri:2017rnj,
      author         = "Acciarri, R. and others",
      title          = "{Measurement of cosmic-ray reconstruction efficiencies in
                        the MicroBooNE LArTPC using a small external cosmic-ray
                        counter}",
      collaboration  = "MicroBooNE",
      journal        = "Submitted to: JINST",
      year           = "2017",
      eprint         = "1707.09903",
      archivePrefix  = "arXiv",
      primaryClass   = "hep-ex",
      reportNumber   = "FERMILAB-PUB-17-213-ND",
      SLACcitation   = "%%CITATION = ARXIV:1707.09903;%%"
}



@article{Cavanna:2014iqa,
      author         = "Cavanna, F. and others",
      title          = "{LArIAT: Liquid Argon In A Testbeam}",
      collaboration  = "LArIAT",
      year           = "2014",
      eprint         = "1406.5560",
      archivePrefix  = "arXiv",
      primaryClass   = "physics.ins-det",
      reportNumber   = "FERMILAB-PUB-14-268-E",
      SLACcitation   = "%%CITATION = ARXIV:1406.5560;%%"
}

@article{Bueno2007,
  doi = {10.1088/1126-6708/2007/04/041},
  url = {http://dx.doi.org/10.1088/1126-6708/2007/04/041},
  year  = {2007},
  month = {apr},
  publisher = {Springer Science $\mathplus$ Business Media},
  volume = {2007},
  number = {04},
  pages = {041--041},
  author = {Antonio Bueno et al.},
  title = {Nucleon decay searches with large liquid Argon {TPC} detectors at shallow depths: atmospheric neutrinos and cosmogenic backgrounds},
  journal = {Journal of High Energy Physics}
}

@article{Adams:2013qkq,
      author         = "Adams, C. and others",
      title          = "{The Long-Baseline Neutrino Experiment: Exploring
                        Fundamental Symmetries of the Universe}",
      collaboration  = "LBNE",
      year           = "2013",
      eprint         = "1307.7335",
      archivePrefix  = "arXiv",
      primaryClass   = "hep-ex",
      reportNumber   = "BNL-101354-2013-JA, BNL-101354-2014-JA,
                        FERMILAB-PUB-14-022, LA-UR-14-20881",
      SLACcitation   = "%%CITATION = ARXIV:1307.7335;%%"
}

@article{Noether1971,
  doi = {10.1080/00411457108231446},
  url = {http://dx.doi.org/10.1080/00411457108231446},
  year  = {1971},
  month = {jan},
  publisher = {Informa {UK} Limited},
  volume = {1},
  number = {3},
  pages = {186--207},
  author = {Emmy Noether},
  title = {Invariant variation problems},
  journal = {Transport Theory and Statistical Physics}
}

%@article{Dimopoulos:1981dw,
%      author         = "Dimopoulos, Savas and Raby, Stuart and Wilczek, Frank",
%      title          = "{Proton Decay in Supersymmetric Models}",
%      journal        = "Phys. Lett.",
%      volume         = "B112",
%      year           = "1982",
%      pages          = "133",
%      doi            = "10.1016/0370-2693(82)90313-6",
%      reportNumber   = "NSF-ITP-82-08, UM HE 81-64",
%      SLACcitation   = "%%CITATION = PHLTA,B112,133;%%"
%}

%@article{Bajc20161,
%title = "Threshold corrections to dimension-six proton decay operators in non-minimal \{SUSY\} SU(5) \{GUTs\} ",
%journal = "Nuclear Physics B ",
%volume = "910",
%number = "",
%pages = "1 - 22",
%year = "2016",
%note = "",
%issn = "0550-3213",
%doi = "http://dx.doi.org/10.1016/j.nuclphysb.2016.06.017",
%url = "http://www.sciencedirect.com/science/article/pii/S0550321316301596",
%author = "Borut Bajc and Junji Hisano and Takumi Kuwahara and Yuji Omura"
%}
